Automatically generated by Mendeley Desktop 1.19.2
Any changes to this file will be lost if it is regenerated by Mendeley.

BibTeX export options can be customized via Options -> BibTeX in Mendeley Desktop

@article{Reiersol1950,
author = {Reiersol, Olav},
doi = {10.2307/1907835},
file = {:home/sarah/OneDrive/Travail/Sources/Identifiabilit{\'{e}}/1907835.pdf:pdf},
issn = {00129682},
journal = {Econometrica},
month = {oct},
number = {4},
pages = {375},
title = {{Identifiability of a Linear Relation between Variables Which Are Subject to Error}},
url = {https://www.jstor.org/stable/1907835?origin=crossref},
volume = {18},
year = {1950}
}

@book{Walter1994b,
abstract = {La construction de mod{\`{e}}les math{\'{e}}matiques {\`{a}} partir de donn{\'{e}}es exp{\'{e}}rimentales, activit{\'{e}} de base du chercheur et de l'ing{\'{e}}nieur, suscite de nombreuses interrogations. Comment choisir la structure de mod{\`{e}}les {\`{a}} utiliser ? Comment s'assurer avant toute mesure que ses param{\`{e}}tres pourront {\^{e}}tre estim{\'{e}}s {\`{a}} partir des exp{\'{e}}riences envisag{\'{e}}es ? Comment choisir un crit{\`{e}}re de qualit{\'{e}} pour la comparaison des mod{\`{e}}les sans se limiter au traditionnel crit{\`{e}}re des moindres carr{\'{e}}s ? Comment prendre en compte les informations disponibles a priori et le but poursuivi ? Comment se prot{\'{e}}ger contre des donn{\'{e}}es aberrantes {\'{e}}ventuelles ? Quelles techniques utiliser pour l'optimisation du crit{\`{e}}re ? Comment {\'{e}}valuer les caract{\'{e}}ristiques locales de ce dernier (gradient, Hessien) de fa{\c{c}}on simple mais exacte ? Comment {\'{e}}chapper aux optima locaux parasites ? Comment {\'{e}}valuer l'incertitude sur les param{\`{e}}tres estim{\'{e}}s ? Comment choisir les conditions exp{\'{e}}rimentales pour recueillir les donn{\'{e}}es les plus informatives compte tenu du but poursuivi et des informations disponibles a priori ? Comment utiliser les r{\'{e}}sidus de mod{\'{e}}lisation pour tester a posteriori la coh{\'{e}}rence des hypoth{\`{e}}ses formul{\'{e}}es a priori ? Cet ouvrage vise {\`{a}} r{\'{e}}pondre {\`{a}} ces questions de Fa{\c{c}}on aussi didactique que possible en fournissant une vision d'ensemble de la m{\'{e}}thodologie {\`{a}} mettre en oeuvre. Il s'adresse aussi bien -{\`{a}} l'{\'{e}}tudiant d{\'{e}}sireux de se Familiariser avec les techniques de mod{\'{e}}lisation param{\'{e}}trique (de nombreux exemples {\'{e}}l{\'{e}}mentaires sont trait{\'{e}}s en d{\'{e}}tail) ; -{\`{a}} l'ing{\'{e}}nieur ou au chercheur confront{\'{e}} {\`{a}} la pratique de la mod{\'{e}}lisation dons sa vie professionnelle (les avantages, mais aussi les limitations des m{\'{e}}thodes d{\'{e}}crites sont clairement indiqu{\'{e}}s) ; -au sp{\'{e}}cialiste du domaine, qui y trouvera en particulier une source bibliographique importante.},
author = {Walter, Eric and Pronzato, Luc},
booktitle = {Mod{\'{e}}lisation Analyse Simulation Commande},
isbn = {2225844070, 9782225844072},
keywords = {MASC mod{\'{e}}lisation,analyse,commande,simulation},
pages = {371},
publisher = {Masson},
title = {{Identification de mod{\`{e}}les param{\'{e}}triques {\`{a}} partir de donn{\'{e}}es exp{\'{e}}rimentales}},
year = {1994}
}

@incollection{Rogelj2018,
abstract = {, 2018, Mitigation pathways compatible with 1.5°C in the context of sustainable development. In: Global warming of 1.5°C. An IPCC Special Report on the impacts of global warming of 1.5°C above pre-industrial levels and related global greenhouse gas emission pathways, in the context of strengthening the global response to the threat of climate change, sustainable development, and efforts to eradicate poverty},
author = {Rogelj, J. and Shindell, D. and Jiang, K. and Fifita, S. and Forster, P. and Ginzburg, V. and Handa, C. and Kheshgi, H. and Kobayashi, S. and Kriegler, E. and Mundaca, L. and S{\'{e}}f{\'{e}}rian, R. and Vilari{\~{n}}o, M.V.},
booktitle = {Global Warming of 1.5°C. An IPCC Special Report on the impacts of global warming of 1.5°C above pre-industrial levels and related global greenhouse gas emission pathways, in the context of strengthening the global response to the threat of climate change,},
file = {:home/sarah/OneDrive/Travail/Sources/SR15{\_}Chapter2{\_}Low{\_}Res.pdf:pdf},
pages = {2},
publisher = {Masson-Delmotte},
title = {{Mitigation Pathways Compatible with 1.5°C in the Context of Sustainable Development}},
year = {2018}
}
